
@article{stat17,
  title     = {Wird es in Ihrem Unternehmen durch die Digitalisierung (Industrie 4.0) k√ºnftig neue Effizienz- und/oder Flexibilisierungspotenziale geben?},
  author    = {A. Breitkopf},
  journal   = {PLoS medicine},
  year      = {2017},
  publisher = {Statista.com}
}