
@article{Bre17,
  title     = {Wird es in Ihrem Unternehmen durch die Digitalisierung (Industrie 4.0) künftig neue Effizienz- und/oder Flexibilisierungspotenziale geben?},
  author    = {Breitkopf, A.},
  journal   = {PLoS medicine},
  year      = {2017},
  publisher = {Statista.com}
}

@book{Rie11,
  title = {Lean Startup},
  author = {Ries, Eric},
  year = {2011},
  publisher = {Eric Ries}
}

@online{Dud22a,
  author = {Bibliographisches Institut GmbH},
  title = {{Wörterbuch} Data-Mining},
  year = 2022,
  url = {https://www.duden.de/rechtschreibung/Data_Mining},
  urldate = {2022-03-21}
}

@online{Dud22b,
  author = {Bibliographisches Institut GmbH},
  title = {{Wörterbuch} Open-Source},
  year = 2022,
  url = {https://www.duden.de/rechtschreibung/Open_Source_Software},
  urldate = {2022-03-21}
}

@online{Dud22c,
  author = {Bibliographisches Institut GmbH},
  title = {{Wörterbuch} Framework},
  year = 2022,
  url = {https://www.duden.de/rechtschreibung/Framework},
  urldate = {2022-03-22}
}

@book{Mas11,
  title={REST API Design Rulebook},
  author={Masse, M.},
  isbn={9781449310509},
  series={Oreilly and Associate Series},
  url={https://books.google.de/books?id=4lZcsRwXo6MC},
  year={2011},
  publisher={O'Reilly Media}
}

@book{ErKa20,
  author = {Johannes Ernesti and Peter Kaiser},
  title = {Python 3: Das umfassende Handbuch},
  year = 2020,
  publisher = {Rheinwerk Computing}
}

@online{Sta21,
  author = {StackOverflow},
  title = {2021 Developer Survey},
  year = 2021,
  url = {https://insights.stackoverflow.com/survey/2021},
  urldate = {2022-03-22}
}

@Inbook{Freeman2022,
  author="Freeman, Adam",
  title="Your First Go Application",
  bookTitle="Pro Go: The Complete Guide to Programming Reliable and Efficient Software Using Golang",
  year="2022",
  publisher="Apress",
  address="Berkeley, CA",
  pages="3--25",
  abstract="The best way to get started with Go is to jump right in. In this chapter, I explain how to prepare the Go development environment and create and run a simple web application. The purpose of this chapter is to get a sense of what writing Go is like, so don't worry if you don't understand all the language features that are used. Everything you need to know is explained in detail in later chapters.",
  isbn="978-1-4842-7355-5",
  doi="10.1007/978-1-4842-7355-5_1",
  url="https://doi.org/10.1007/978-1-4842-7355-5_1"
}

@misc{Bra22,
  author = {Bracco, Chris},
  title = {HTML5 Test Page},
  year = {2022},
  publisher = {GitHub},
  journal = {GitHub repository},
  howpublished = {\url{https://github.com/cbracco/html5-test-page}},
  commit = {714dc01c7888abea564c1b5ede4bcfe4cb99e444}
}

@online{Tec21,
  author = {TechEmpower},
  title = {Web Framework Benchmarks: Round 20 (08.02.2021)},
  year = 2021,
  url = {https://www.techempower.com/benchmarks/#section=data-r20&hw=ph&test=json&l=zijmrj-sf},
  urldate = {2022-03-22}
}

@book{http02,
  title={HTTP: The Definitive Guide},
  author={David Gourley and Brian Totty and Marjorie Sayer and Salu Reddy and Anshu Aggarwal},
  isbn={9781565925090},
  series={Oreilly and Associate Series},
  year={2002},
  publisher={O'Reilly Media}
}

@online{Wik10,
  author = {Wikimedia},
  title = {Tcp-handshake.svg},
  year = 2010,
  url = {https://commons.wikimedia.org/wiki/File:Tcp-handshake.svg},
  urldate = {2022-03-25}
}